@unpublished{comino2021censorship,
  title={Censorship, industry structure, and creativity: evidence from the Catholic inquisition in Renaissance Venice},
  author={Comino, Stefano and Galasso, Alberto and Graziano, Clara},
  year={2021},
  note={CEPR Discussion Paper No. DP16028}
}

@unpublished{bolt2020maddison,
  title={Maddison style estimates of the evolution of the world economy. A new 2020 update},
  author={Bolt, Jutta and van Zanden, Jan Luiten},
  note={Maddison-Project Working Paper WP-15, University of Groningen, Groningen, The Netherlands},
  year={2020}
}

@book{land99,
  title={The Wealth and Poverty of Nations: Why Some Are So Rich and Some So Poor},
  author={Landes, David S},
  year={1999},
  publisher={WW Norton \& Company}
}

@book{della1902storia,
  title={Storia dell'Accademia platonica di Firenze},
  author={Della Torre, Arnaldo},
  number={28},
  year={1902},
  publisher={Tip. G. Carnesecchi e figli}
}

@article{kortum1997research,
  title={Research, patenting, and technological change},
  author={Kortum, Samuel S},
  journal={Econometrica: Journal of the Econometric Society},
  pages={1389--1419},
  year={1997}
}

@book{casellato2002professori,
  title={Professori e scienziati a Padova nel Settecento},
  author={Casellato, Sandra and Rea, Luciana Sitran},
  year={2002},
  publisher={Antilia},
  address={Padua}
}

@book{minois2014eglise,
  title={L'Eglise et la science: Histoire d'un malentendu. De saint Augustin {\`a} Galil{\'e}e},
  author={Minois, Georges},
  year={2014},
  publisher={Fayard},
  address={Paris}
}

@book{renazzi1803storia,
  title={Storia dell'Universit{\`a} degli studi di Roma: detta comunemente la sapienza, che contiene anche un saggio storico della letteratura romana, dal principio del secolo XIII sino al declinare del secolo XVIII.},
  author={Renazzi, Filippo Maria},
  year={1803},
  publisher={Stamperia Pagliarini}
}

@book{facciolati1757fasti,
  title={Fasti Gymnasii Patavini},
  author={Facciolati, Jacopo},
  year={1757},
  publisher={typis Seminarii},
  address={Padua}
}

@misc{raggi1879memorie,
  title={Memorie e documenti per la storia dell'Universita di Pavia e degli uomini piu illustri che vi insegnarono},
  author={Raggi, A},
  year={1879},
  publisher={Stabilimento tipografico Successori-Bizzoni},
  address={Pavia}
}

@book{parodi1983catalogo,
  title={Catalogo degli accademici dalla fondazione},
  author={Parodi, Severina},
  year={1983},
  publisher={Accademia della Crusca}
}

@book{paolino1754istoria,
  title={Istoria dello studio di Napoli},
  author={Origlia Paolino, Giovanni Giuseppe },
  address={Torino},
  year={1754},
  publisher={nella stamperia di Giovanni di Simone}
}

@book{pesenti1984professori,
  title={Professori e promotori di medicina nello studio di Padova dal 1405 al 1509},
  author={Pesenti, Tiziana},
  address={Trieste},
  publisher={Lint},
  year={1984}
}

@book{serangeli2010docenti,
  title={I docenti dell'antica Universit{\`a} di Macerata:(1540-1824)},
  author={Serangeli, Sandro},
  year={2010},
  publisher={G. Giappichelli}
}

@article{alfani2019plague,
  title={Plague and long-term development: the lasting effects of the 1629--30 epidemic on the Italian cities},
  author={Alfani, Guido and Percoco, Marco},
  journal={The Economic History Review},
  volume={72},
  number={4},
  pages={1175--1201},
  year={2019}
}

@article{buringh2021population,
  title={The Population of European Cities from 700 to 2000: Social and Economic History},
  author={Buringh, Eltjo},
  journal={Research Data Journal for the Humanities and Social Sciences},
  volume={1},
  number={aop},
  pages={1--18},
  year={2021},
  publisher={Brill}
}


@article{RETE,
  author =       {David {De la Croix}},
  title={Scholars and Literati in European Academia before 1800},
  journal={Repertorium Eruditorum Totius Europae},
  volume={5},
  pages={35--41},
  year={2021}
}}

@BOOK{iyigun2015,
  author =       {Murat Iyigun},
  title =        {War, peace, and prosperity in the name of God: The Ottoman role in Europe's socioeconomic evolution},
  publisher =    {University of Chicago Press},
  year =         {2015},
  address =      {Chicago}
}


@BOOK{rubin2017,
  author =       {Jared Rubin},
  title =        {Rulers, religion, and riches: Why the West got rich and the Middle East did not },
  publisher =    {Cambridge University Press},
  year =         {2017},
  address =      {Cambridge}
}

@article{de2017clans,
  title={Clans, guilds, and markets: Apprenticeship institutions and growth in the preindustrial economy},
  author={{De la Croix}, David and Doepke, Matthias and Mokyr, Joel},
  journal={The Quarterly Journal of Economics},
  volume={133},
  number={1},
  pages={1--70},
  year={2018},
  publisher={Oxford University Press}
}

@book{mazzetti1847repertorio,
  title={Repertorio di tutti i Professori antichi e moderni della famosa Universit{\`a}, e del celebre Istituto delle Scienze di Bologna},
  author={Mazzetti, Serafino},
  year={1847},
  publisher={tipografia di San Tommaso d'Aquino},
    address={Bologna}
}



@book{cipolla2004,
  title={Before the industrial revolution: European society and economy, 1000-1700},
  author={Cipolla, Carlo M},
  year={1994},
  publisher={WW Norton \& Company}
}

@article{kremer1993population,
  title={Population growth and technological change: One million BC to 1990},
  author={Kremer, Michael},
  journal={The Quarterly Journal of Economics},
  volume={108},
  number={3},
  pages={681--716},
  year={1993},
  publisher={MIT Press}
}

@article{jones2001industrial,
  title={Was an industrial revolution inevitable? Economic growth over the very long run},
  author={Jones, Charles I},
  journal={Advances in macroeconomics},
  volume={1},
  number={2},
  year={2001},
  publisher={De Gruyter}
}




@ARTICLE{correard17,
  author =       {Nicolas Correard},
  title =        {De l'onirisme à l'ironie : les prestiges de la nuit dans l'Euphormion de Jean Barclay (1605) },
  journal =      {\'Etudes \'Epist\'em\`e},
  year =         {2017},
  volume =       {30}
}


@UNPUBLISHED{grabiner14,
  author =       {Judith V. Grabiner},
  title =        {Review of Infinitesimal: How a Dangerous Mathematical Theory Shaped the Modern World},
  note =         {\url{https://www.maa.org/press/maa-reviews}},
  year =         {2014}
}


@book{alexander2014infinitesimal,
  title={Infinitesimal: How a dangerous mathematical theory shaped the modern world},
  author={Alexander, Amir},
  year={2014},
  publisher={Macmillan}
}

@article{gingerich1973copernicus,
  title={From Copernicus to Kepler: Heliocentrism as model and as reality},
  author={Gingerich, Owen},
  journal={Proceedings of the American Philosophical Society},
  volume={117},
  number={6},
  pages={513--522},
  year={1973},
  publisher={JSTOR}
}


@book{treccani1929Enciclopedia,
 author={{Istituto dell'Enciclopedia Italiana}},
  title={Treccani. Enciclopedia Italiana di scienze, lettere ed arti},
  year={1929},
  publisher={Istituto dell'Enciclopedia Italiana},
  address={Roma},
  note={Also available at \url{https://www.treccani.it/}}
}

@book{fabroni1795historiae,
  title={Historiae academiae pisanae},
  author={Fabroni, Angelo},
  year={1791},
  publisher={Forni},
  address={Bologna}
}


@book{de2002index,
  title={Index des livres interdits: \textit{Index Librorum Prohibitorum} 1600-1966},
  author={De Bujanda, J{\'e}sus Mart{\'\i}nez and Richter, Marcella},
  volume={11},
  year={2002},
  publisher={Montr{\'e}al: M{\'e}diaspaul}
}

@unpublished{dittmar2015,
  title={Media, Markets, and Radical Ideas: Evidence from the Protestant Reformation},
  author={Dittmar, Jeremiah E and Seabold, Skipper},
  note={Working Paper},
  year={2015}
}

@book{balsamo2001,
  title={Church, Censorship and Culture in Early Modern Italy},
  author={Balsamo, Luigi and Fragnito, Gigliola},
  year={2001},
  publisher={Cambridge University Press}
}

@book{wolf2006,
  title={Storia dell'Indice: il Vaticano ei libri proibiti},
  author={Wolf, Hubert},
  year={2006},
  publisher={Donzelli}
}

@article{grendler1975,
  title={The Roman Inquisition and the Venetian Press, 1540-1605},
  author={Grendler, Paul F},
  journal={The Journal of Modern History},
  volume={47},
  number={1},
  pages={48--65},
  year={1975},
  publisher={The University of Chicago Press}
}

@article{scrucca2013,
  title={GA: a package for genetic algorithms in R},
  author={Scrucca, Luca and others},
  journal={Journal of Statistical Software},
  volume={53},
  number={4},
  pages={1--37},
  year={2013},
  publisher={Citeseer}
}

@article{norets2010,
  title={Continuity and differentiability of expected value functions in dynamic discrete choice models},
  author={Norets, Andriy},
  journal={Quantitative economics},
  volume={1},
  number={2},
  pages={305--322},
  year={2010},
  publisher={Wiley Online Library}
}

@book{prosperi2010,
  title={Dizionario storico dell'Inquisizione},
  author={Prosperi, Adriano and Lavenia, Vincenzo and Tedeschi, John Alfred},
  volume={2},
  year={2010},
  publisher={Edizioni della Normale Pisa}
}

@book{spini1983,
  title={Ricerca dei libertini: la teoria dell{\`\i}mpostura delle religioni nel Seicento italiano},
  author={Spini, Giorgio},
  volume={33},
  year={1983},
  publisher={La Nuova Italia}
}



@book{gingerich2004,
  title={The book nobody read: chasing the revolutions of Nicolaus Copernicus},
  author={Gingerich, Owen},
  year={2004},
  publisher={Bloomsbury Publishing USA}
}

@unpublished{vidal2011,
  title={An economic analysis of the Spanish Inquisition’s motivations and consequences},
  author={Vidal-Robert, Jordi},
  note={Working Paper},
  year={2011}
}

@unpublished{koyama2015,
  title={The Literary Inquisition: The Persecution of Intellectuals and Human Capital Accumulation in China},
  author={Koyama, Mark and Xue, Melanie Meng},
  year={2015},
   note={Working Paper}
}

@article{benabou2015,
    author = {Bénabou, Roland and Ticchi, Davide and Vindigni, Andrea},
    title = "{Forbidden Fruits: The Political Economy of Science, Religion, and Growth}",
    journal = {The Review of Economic Studies},
    year = {2021},
    month = {10},
    abstract = "{We study the coevolution of religion, science and politics. We first uncover, in international and U.S. data, a robust negative relationship between religiosity and patents per capita. The model then combines: (i) scientific discoveries that raise productivity but sometimes erode religious beliefs; (ii) a government that allows innovations to diffuse, or blocks them; (iii) religious institutions that can invest in doctrinal reform. Three long-term outcomes emerge. The “Western-European Secularization” regime has declining religiosity, unimpeded science, and high taxes and transfers. The “Theocratic” regime involves knowledge stagnation, unquestioned dogma, and high religious-public-goods spending. The “American” regime combines scientific progress and stable religiosity through doctrinal adaptations, with low taxes and some fiscal-legal advantages for religious activities. Rising income inequality can, however, empower a Religious-Right alliance that starts blocking belief-eroding ideas.}",
    issn = {0034-6527},
    doi = {10.1093/restud/rdab069},
    url = {https://doi.org/10.1093/restud/rdab069},
    note = {Forthcoming},
    eprint = {https://academic.oup.com/restud/advance-article-pdf/doi/10.1093/restud/rdab069/40596568/rdab069.pdf},
}


@article{anderson2015,
  title={Inquisitions and Scholarship},
  author={Anderson, R Warren},
  journal={Social Science History},
  volume={39},
  number={4},
  pages={677--702},
  year={2015},
  publisher={JSTOR}
}

@article{ekelund2002,
  title={An economic analysis of the {P}rotestant {R}eformation},
  author={Ekelund, Robert B and H{\'e}bert, Robert F and Tollison, Robert D},
  journal={Journal of Political Economy},
  volume={110},
  number={3},
  pages={646--671},
  year={2002},
  publisher={The University of Chicago Press}
}

@article{ekelund2004,
  title={The economics of the counter-reformation: incumbent-firm reaction to market entry},
  author={Ekelund, Robert B and H{\'e}bert, Robert F and Tollison, Robert D},
  journal={Economic Inquiry},
  volume={42},
  number={4},
  pages={690--705},
  year={2004},
  publisher={Wiley Online Library}
}

@unpublished{roberts2014,
  title={Fear or friction? How censorship slows the spread of information in the digital age},
  author={Roberts, Margaret E},
  note={Working Paper},
  year={2014}
}

@article{king2013,
  title={How censorship in China allows government criticism but silences collective expression},
  author={King, Gary and Pan, Jennifer and Roberts, Margaret E},
  journal={American Political Science Review},
  pages={326--343},
  year={2013},
  publisher={JSTOR}
}

@article{shadmehr2015,
  title={State censorship},
  author={Shadmehr, Mehdi and Bernhardt, Dan},
  journal={American Economic Journal: Microeconomics},
  volume={7},
  number={2},
  pages={280--307},
  year={2015}
}

@book{johnson2019persecution,
  title={Persecution \& toleration: The long road to religious freedom},
  author={Johnson, Noel D and Koyama, Mark},
  year={2019},
  publisher={Cambridge University Press}
}

@article{zhuang2019,
    author = {Zhuang, Maiting},
    title = "{Intergovernmental Conflict and Censorship: Evidence from China’s Anti-Corruption Campaign}",
    journal = {Journal of the European Economic Association},
    year = {2022},
    month = {06},
    doi = {10.1093/jeea/jvac036},
}






@article{acemoglu2001,
  title={A theory of political transitions},
  author={Acemoglu, Daron and Robinson, James A},
  journal={American Economic Review},
  volume={91},
  number={4},
  pages={938--963},
  year={2001}
}

@article{acemoglu2008,
  title={Oligarchic versus democratic societies},
  author={Acemoglu, Daron},
  journal={Journal of the European Economic Association},
  volume={6},
  number={1},
  pages={1--44},
  year={2008},
  publisher={Oxford University Press}
}

@article{lucas2009,
  title={Ideas and growth},
  author={Lucas, Robert E},
  journal={Economica},
  volume={76},
  number={301},
  pages={1--19},
  year={2009},
  publisher={Wiley Online Library}
}

@article{lucas2014,
  title={Knowledge growth and the allocation of time},
  author={Lucas, Robert E and Moll, Benjamin},
  journal={Journal of Political Economy},
  volume={122},
  number={1},
  pages={1--51},
  year={2014},
  publisher={University of Chicago Press Chicago, IL}
}

@book{braudel2018,
  title={Le mod{\`e}le italien},
  author={Braudel, Fernand},
  year={1994},
  publisher={Flammarion}
}

@article{baldini2009,
  title={Catholic church and modern science},
  author={Baldini, Ugo and Spruit, Leen},
  journal={Documents from the Archives of the Roman Congregations of the Holy Office and the Index},
  volume={1},
  pages={64},
  year={2009}
}

@unpublished{chaney2016,
  title={Religion and the rise and fall of Islamic science},
  author={Chaney, Eric},
  note={Harvard University},
  year={2016}
}

@UNPUBLISHED{chaney2020,
  author =       {Eric Chaney},
  title =        {Modern Library Holdings and Historic City Growth},
  note =         {University of Oxford},
  year =         {2020}
}


@unpublished{becker2021,
  title={Freedom of the Press? Catholic Censorship during the Counter-Reformation},
  author={Becker, Sascha  and  Pino, Francisco  J. and Vidal-Robert, Jordi},
  note={CEPR Working Paper 16092},
 year={2021}
}

@article{acemoglu2008b,
  title={Persistence of power, elites, and institutions},
  author={Acemoglu, Daron and Robinson, James A},
  journal={American Economic Review},
  volume={98},
  number={1},
  pages={267--93},
  year={2008}
}

@book{gusdorf1971,
  title={La R{\'e}volution Galil{\'e}enne},
  author={Gusdorf, Georges},
  year={1969},
address={Paris},
publisher={Payot}
}

@article{squicciarini2015,
  title={Human capital and industrialization: Evidence from the age of enlightenment},
  author={Squicciarini, Mara P and Voigtl{\"a}nder, Nico},
  journal={The Quarterly Journal of Economics},
  volume={130},
  number={4},
  pages={1825--1883},
  year={2015},
  publisher={MIT Press}
}

@article{cantoni2014,
  title={Medieval universities, legal institutions, and the commercial revolution},
  author={Cantoni, Davide and Yuchtman, Noam},
  journal={The Quarterly Journal of Economics},
  volume={129},
  number={2},
  pages={823--887},
  year={2014},
  publisher={MIT Press}
}

@book{mokyr2012,
  title={The gifts of Athena},
  author={Mokyr, Joel},
  year={2011},
  publisher={Princeton University Press}
}

@book{mokyr2016,
  title={A culture of growth},
  author={Mokyr, Joel},
  year={2016},
  publisher={Princeton University Press}
}

@article{tarrant2019,
  title={The Ambiguities of Censorship in Post--Tridentine Italy: The Case of Physiognomy},
  author={Tarrant, Neil},
  journal={Preternature: Critical and Historical Studies on the Preternatural},
  volume={8},
  number={2},
  pages={171--201},
  year={2019},
  publisher={JSTOR}
}

@article{marcus2019,
  title={Deciphering Galileo: Communication and Secrecy before and after the Trial},
  author={Marcus, Hannah and Findlen, Paula},
  journal={Renaissance Quarterly},
  volume={72},
  number={3},
  pages={953--995},
  year={2019},
  publisher={Cambridge University Press}
}

@article{mcfadden1989method,
  title={A method of simulated moments for estimation of discrete response models without numerical integration},
  author={McFadden, Daniel},
  journal={Econometrica: Journal of the Econometric Society},
  pages={995--1026},
  year={1989},
  publisher={JSTOR}
}

@article{marcus2016,
  title={Bibliography and Book Bureaucracy: Reading Licenses and the Circulation of Prohibited Books in Counter-Reformation Italy},
  author={Marcus, Hannah},
  journal={The Papers of the Bibliographical Society of America},
  volume={110},
  number={4},
  pages={433--457},
  year={2016},
  publisher={University of Chicago Press Chicago, IL}
}


@article{beretta2007,
  title={Inquisici{\'o}n romana y atomismo desde el caso Galileo hasta comienzos del siglo XVIII:?` Que ortodoxia?},
  author={Beretta, Francesco},
  journal={Ciencia y religi{\'o}n en la Edad Moderna},
  pages={35--68},
  year={2007}
}

@incollection{donato2019,
  title={Medicine and the Inquisition in the Early Modern World: Introduction},
  author={Donato, Maria Pia},
  booktitle={Medicine and the Inquisition in the Early Modern World},
  pages={1--13},
  year={2019},
  publisher={Brill}
}

@article{rosen1977,
  title={When Did Copernicus Write the Revolutions'?},
  author={Rosen, Edward},
  journal={Sudhoffs Archiv},
  pages={144--155},
  year={1977},
  publisher={JSTOR}
}


@article{rolla2022scholars,
  title={Scholars and Literati at the {A}cademy of {S}ciences of {B}ologna (1714--1800)},
  author={Rolla, Cecilia and Zanardello, Chiara},
  journal={Repertorium {E}ruditorum totius {E}uropae},
  volume={7},
  pages={57--65},
  year={2022}
}

@article{zanardello2022scholars,
  title={Scholars and Literati at the {U}niversity of {T}urin (1404--1800)},
  author={Zanardello, Chiara},
  journal={Repertorium {E}ruditorum totius {E}uropae},
  volume={7},
  pages={31--38},
  year={2022}
}

@book{marcus2020,
  title={Forbidden Knowledge: Medicine, Science, and Censorship in Early Modern Italy},
  author={Marcus, Hannah},
  year={2020},
  publisher={University of Chicago Press}
}

@article{malanima2011long,
  title={The long decline of a leading economy: GDP in central and northern Italy, 1300--1913},
  author={Malanima, Paolo},
  journal={European Review of Economic History},
  volume={15},
  number={2},
  pages={169--219},
  year={2011}
}

@UNPUBLISHED{USTC,
  author =       {USTC},
  title =        {Universal Short Title Catalogue},
  note =         {University of St. Andrews, \url{https://www.ustc.ac.uk}},
  year =         {2019},
}
@UNPUBLISHED{freedom,
  author =       {{Freedom House}},
  title =        {Freedom of the Press 2017},
  note =         {\url{https://freedomhouse.org/report/freedom-press/2017/press-freedoms-dark-horizon}},
  year =         {2017},
}


@unpublished{henriques2019comparative,
  title={Comparative European Institutions and the Little Divergence, 1385-1800},
  author={Henriques, Antonio and Palma, Nuno Pedro G},
note={Comparative European Institutions and the Little Divergence, 1385-1800},
  year={2019}
}

@UNPUBLISHED{galbiati22,
  author =       {Edgard DeWitte and Francesco Drago and Roberto Galbiati and Giulio Zanella},
  title =        {Science under Inquisition: The allocation of talent in early modern Europe},
  note =         {unpublished},
  year =         {2022}
}


@book{grassi1973dell,
  title={Dell'Universit{\`a} degli studi in Mondov{\`\i}},
  author={Grassi, Gioachino},
  year={1804},
  publisher={Gianandrea Rossi},
  address={Mondoví}
}


@MISC{DIA,
  author =       {{British Library Board}},
  title =        {Database of Italian Academies},
  year =         {2017},
  note =         {\url{https://www.bl.uk/catalogues/ItalianAcademies/}}
}

@book{ercolani1881accademia,
  title={Accademia delle scienze dello Istituto di Bologna dalla sua origine a tutto il MDCCCLXXX.},
  author={Ercolani, Giovanni Battista},
  year={1881},
  publisher={N. Zanichelli}
}

@book{zanimemorie,
  title={Memorie imprese, e ritratti de'Signori Accademici Gelati di Bologna},
  author={Zani, Valerio},
  year={1672},
  publisher={Per li Manolessi}
}



@Inbook{Spruit2019,
author="Spruit, Leen",
editor="Jalobeanu, Dana
and Wolfe, Charles T.",
title="Censorship, Self-Censorship, and Dissimulation",
bookTitle="Encyclopedia of Early Modern Philosophy and the Sciences",
year="2019",
publisher="Springer International Publishing",
address="Cham",
pages="1--6",
isbn="978-3-319-20791-9",
doi="10.1007/978-3-319-20791-9_328-1",
url="https://doi.org/10.1007/978-3-319-20791-9_328-1"
}

@book{snyder2012,
  title={Dissimulation and the culture of secrecy in early modern Europe},
  author={Snyder, Jon R},
  year={2012},
  publisher={Univ of California Press}
}

@unpublished{de2020academic,
  title={The Academic Market and the Rise of Universities in Medieval and Early Modern Europe (1000-1800)},
  author={De la Croix, David and Docquier, Fr{\'e}d{\'e}ric and Fabre, Alice and Stelter, Robert},
  year={2020},
  note={CEPR Discussion Paper No. DP14509}
}

@book{de1996thesaurus,
  title={Thesaurus de la litt{\'e}rature interdite au XVIe si{\`e}cle: auteurs, ouvrages, {\'e}ditions avec addenda et corrigenda},
  author={De Bujanda, J{\'e}sus Mart{\'\i}nez and Davignon, Ren{\'e} and Stanek, Ela and Richter, Marcella},
  volume={10},
  year={1996},
  publisher={Librairie Droz}
}



@article{richardson1945s,
  title={Who's Who in the Moon},
  author={Richardson, RS},
  journal={Leaflet of the Astronomical Society of the Pacific},
  volume={4},
  pages={346},
  year={1945}
}

@book{eisenstein1980,
  title={The printing press as an agent of change},
  author={Eisenstein, Elizabeth L},
  year={1980},
  publisher={Cambridge University Press}
}

@unpublished{Siena-www,
	author = {	Carla Frova and Giuliano Catoni and Paolo Renzi},
	note = {\url{http://www3.unisi.it/docentes/index.html}},
	title = {Maestri e scolari a Siena e Perugia 1250-1500},
	year = {2001}}

@book{Amari-1867,
	address = {Catania},
	author = {Carnazza Amari, Giuseppe},
	publisher = {Stabilimento Tipografico Caronda},
	title = {Sul diritto che ha l'archiginnasio di Catania di essere riconosciuto universit{\`a} di prima classe	1867},
	year = {1867}}

@book{tola1837dizionario,
	author = {Tola, Pasquale},
	publisher = {Chirio},
	title = {Dizionario biografico degli nomini illustri di Sardegna},
	year = {1837}}

@book{CCCL,
	address = {Messina},
	author = {Collective},
	publisher = {Trimarchi},
	title = {CCCL anniversario della Universit{\`a} di Messina},
	year = {1900}}

@book{grendler2009university,
	address = {Baltimore},
	author = {Grendler, Paul F},
	publisher = {John Hopkins University Press},
	title = {The University of Mantua, the Gonzaga, and the Jesuits, 1584--1630},
	year = {2009}}

@book{del2015clariores,
	author = {Del Negro, Piero},
	publisher = {Padova University Press},
	title = {Clariores: dizionario biografico dei docenti e degli studenti dell'Universit{\`a} di Padova},
	year = {2015}}

@book{zucchini2008universita,
	author = {Zucchini, Stefania},
	publisher = {Deputazione di storia patria per l'Umbria},
	title = {Universita e dottori nell'economia del Comune di Perugia: i registri dei Conservatori della moneta (secoli 14.-15.)},
	year = {2008}}

@unpublished{Onomasticon,
	author = {Giulio Quaresima},
	note = {\url{https://onomasticon.unipg.it/onomasticon/home.do}},
	title = {Onomasticon. Prosopografia dell'Universit{\`a} degli Studi di Perugia},
	year = {2021}}


@book{vallauri1875storia,
  title={Storia delle universit{\`a} degli studi del Piemonte},
  author={Vallauri, Tommaso},
  year={1875},
  publisher={Stamperia reale di GB Paravia}
}

@book{maggiolo1983soci,
  title={I soci dell'accademia patavina dalla sua fondazione (1599)},
  author={Maggiolo, Attilio},
  year={1983},
address={Padua},
  publisher={Accademia Patavia di Scienze Lettere ed Arti}
}

@book{maifreda2014denari,
  title={I denari dell'inquisitore: affari e giustizia di fede nell'Italia moderna},
  author={Maifreda, Germano},
  year={2014},
  publisher={Giulio Einaudi editore}
}
@BOOK{parodi83,
  author =       {Parodi, Severina},
  title =        {Catalogo degli Accademici dalla Fondazione},
  publisher =    {Presso l'Accademia},
  year =         {1983},
  address =      {Firenze},
}

@UNPUBLISHED{boutier-xls,
  author =       {Jean Boutier},
  title =        {Accademia Fiorentina  - liste des membres},
  note =         {Excel spreadsheet},
  year =         {2017}
}

@book{cerracchini1738fasti,
	author = {Cerracchini, Luca Giuseppe},
	publisher = {Francesco Mo{\"u}cke},
	title = {Fasti teologali ovvero notizie istoriche del collegio de'teologi della... universita fiorentina dalla sua fondazione sino all'anno 1738 (etc.)},
	year = {1738}}

@book{cancila2006storia,
	author = {Cancila, Orazio},
	publisher = {Laterza},
	title = {Storia dell'Universit{\`a} di Palermo dalle origini al 1860},
	year = {2006}}

@book{mattone2010storia,
	author = {Mattone, Antonello},
	publisher = {Ilisso},
	title = {Storia dell'Universit{\`a} di Sassari},
	year = {2010}}
@unpublished{pillosu2017libro,
	author = {Pillosu, Francesco},
	note = {Universita di Cagliari},
	title = {Libro de grados de Doctores comen{\c{c}}ando del ano 1709 asta 1723},
	year = {2017}}

@book{de1857storia,
	author = {De Renzi, Salvatore},
	publisher = {Nobile},
	title = {Storia documentata della Scuola medica di Salerno},
	year = {1857}}

@book{Sabbadini-1898,
	address = {Catania},
	author = {Sabbadini, Remigio},
	publisher = {Stabilimento Tipografico C. Gal{\`a}tola},
	title = {Storia documentata della Regia Universit{\`a} di Catania},
	year = {1898}}


@article{de2021scholarsG,
	author = {{De la Croix}, David and Karioun, Soraya},
	doi = {10.14428/rete.v3i0/gregorian},
	journal = {Repertorium Eruditorum totius Europae},
	pages = {19--26},
	title = {Scholars and {L}iterati at the {G}regorian {U}niversity in {R}ome (1551--1773)},
	volume = {3},
	year = {2021},
	Bdsk-Url-1 = {https://doi.org/10.14428/rete.v3i0/gregorian}}


@article{de2021scholars-mac,
	author = {{De la Croix}, David and Spolverini, Gaia},
	journal = {{R}epertorium {E}ruditorum totius {E}uropae},
	pages = {39--45},
	title = {Scholars and Literati at the University of Macerata (1540--1800)},
	volume = {2},
	year = {2021}}

@article{PD2021scholars,
	author = {{{De la Croix}}, David and Vitale, Mara},
	doi = {10.14428/rete.v3i0/padua},
	journal = {Repertorium Eruditorum totius Europae},
	pages = {33--42},
	title = {Scholars and {L}iterati at the {U}niversity of {P}adua (1222--1800)},
	volume = {3},
	year = {2021},
	Bdsk-Url-1 = {https://doi.org/10.14428/rete.v3i0/padua}}

@book{de1961discipline,
	author = {De Caro, Luigi},
	publisher = {Univers{\'\i}t{\'a} di Pavia},
	title = {Discipline e maestri dell'Ateneo Pavese: Nel Sesto Centenario dello Studium Generale Pavese (1361-1961)},
	year = {1961}}

@book{villoslada1954storia,
	author = {Villoslada, Ricardo Garc{\'\i}a},
	publisher = {Gregorian Biblical BookShop},
	title = {Storia del Collegio Romano dal suo inizio (1551) alla soppressione della Compagnia di Ges{\`u} (1773)},
	year = {1954}}
@book{sinno1921diplomi,
	address = {Salerno},
	author = {Sinno, Andrea},
	publisher = {Stabilimento Tipografico Spadafora},
	title = {Diplomi di laurea dell'Almo Collegio salernitano},
	year = {1921}}

@book{mor1975storia,
	author = {Mor, Carlo Guido and Di Pietro, Pericle},
	publisher = {LS Olschki},
	title = {Storia dell'universit{\`a} di Modena},
	year = {1975}}
@incollection{frijhoff1996,
	author = {Frijhoff, Willem},
	booktitle = {A History of the University in Europe. Vol. II: Universities in Early Modern Europe (1500--1800)},
	chapter = {2},
	editor = {Ridder-Symoens, Hilde de},
	publisher = {Cambridge University Press},
	title = {Patterns},
	year = {1996}}

@article{de2021scholarsB,
	author = {{De la Croix}, David and Vitale, Mara},
	doi = {https://doi.org/10.14428/rete.v1i0/Bologna},
	journal = {Repertorium Eruditorum totius Europae},
	pages = {1--10},
	title = {Scholars and {L}iterati at the {U}niversity of {B}ologna (1088--1800)},
	volume = {1},
	year = {2021},
	Bdsk-Url-1 = {https://doi.org/10.14428/rete.v1i0/Bologna}}

@article{blasutto2021scholars,
  title={Scholars and Literati at the Academy of the Ricovrati (1599--1800)},
  author={Blasutto, Fabio and {De la Croix}, David and Vitale, Mara},
  journal={Repertorium {E}ruditorum totius {E}uropae},
  volume={3},
  pages={51--63},
  year={2021}
}

@article{rolla2021scholars,
  title={Scholars and Literati at the Academy of the Gelati (1588--1799)},
  author={Rolla, Cecilia and Vitale, Mara},
  journal={Repertorium eruditorum totius Europae},
  volume={5},
  pages={1--7},
  year={2021}
}

@book{prezziner1810storia,
	address = {Firenze},
	author = {Prezziner, Giovanni},
	publisher = {Carli},
	title = {Storia del publico studio e delle societ\`a scientifiche e letterarie di Firenze},
	year = {1810}}

@book{sommervogel1890sj,
	address = {Brussels},
	author = {Sommervogel, Carlos},
	publisher = {Oscar Schepens},
	title = {Biblioth{\`e}que de la Compagnie de J\'esus},
	year = {1890}}

@UNPUBLISHED{cabello2022,
  author =       {Mat\'ias Cabello},
  title =        {The Counter-Reformation, Science, and Long-Term
Growth: A Black Legend?},
  note =         {University Halle-Wittenberg},
  year =         {2022}
}

@book{broadberry2015british,
  title={British economic growth, 1270--1870},
  author={Broadberry, Stephen and Campbell, Bruce MS and Klein, Alexander and Overton, Mark and Van Leeuwen, Bas},
  year={2015},
  publisher={Cambridge University Press}
}

@article{acemoglu2005institutions,
  title={Institutions as a fundamental cause of long-run growth},
  author={Acemoglu, Daron and Johnson, Simon and Robinson, James A},
  journal={Handbook of economic growth},
  volume={1},
  pages={385--472},
  year={2005},
  publisher={Elsevier}
}

@article{acemoglu2005rise,
  title={The rise of Europe: Atlantic trade, institutional change, and economic growth},
  author={Acemoglu, Daron and Johnson, Simon and Robinson, James},
  journal={American economic review},
  volume={95},
  number={3},
  pages={546--579},
  year={2005}
}

@book{braudel1979civilisation,
  title={Civilisation mat{\'e}rielle, {\'e}conomie et capitalisme, XVe-XVIIIe si{\`e}cle: Les structures du quotidien: le possible et l'impossible},
  author={Braudel, Fernand},
  year={1979},
  publisher={Colin Paris}
}

@article{alfani13,
    author = {Alfani, Guido},
    title = "{Plague in seventeenth-century Europe and the decline of Italy: an epidemiological hypothesis}",
    journal = {European Review of Economic History},
    volume = {17},
    number = {4},
    pages = {408-430},
    year = {2013},
    doi = {10.1093/ereh/het013}
}

@book{alfani2013calamities,
  title={Calamities and the economy in Renaissance Italy: the grand tour of the Horsemen of the Apocalypse},
  author={Alfani, Guido},
  year={2013},
  publisher={Springer}
}


@article{rubin2014,
  title={Printing and Protestants: an empirical test of the role of printing in the Reformation},
  author={Rubin, Jared},
  journal={Review of Economics and Statistics},
  volume={96},
  number={2},
  pages={270--286},
  year={2014},
  publisher={MIT Press}
}

@article{guriev2020,
  title={A theory of informational autocracy},
  author={Guriev, Sergei and Treisman, Daniel},
  journal={Journal of Public Economics},
  volume={186},
  pages={104--158},
  year={2020},
  publisher={Elsevier}
}


@unpublished{drelichman2021,
  title={The Long Run Effects of Religious Persecution: Evidence from the Spanish Inquisition},
  author={Drelichman, Mauricio and Vidal-Robert, Jordi and Voth, Hans-Joachim},
  year={2021},
  note={CEPR Discussion Paper No. DP16030}
}

@book{putnam1906,
  title={The Censorship of the Church of Rome and Its Influence Upon the Production and Distribution of Literature: 1600-1900},
  author={Putnam, George Haven},
  year={1906},
  publisher={Putnam's sons}
}
